@Article{Simonyan14c,
    author       = "Simonyan, K. and Zisserman, A.",
    title        = "Very Deep Convolutional Networks for Large-Scale Image Recognition",
    journal      = "CoRR",
    volume       = "abs/1409.1556",
    year         = "2014"
}

@article{srivastava2014dropout,
	title={Dropout: a simple way to prevent neural networks from overfitting.},
	author={Srivastava, Nitish and Hinton, Geoffrey E and Krizhevsky, Alex and Sutskever, Ilya and Salakhutdinov, Ruslan},
	journal={Journal of machine learning research},
	volume={15},
	number={1},
	pages={1929--1958},
	year={2014}
}

@article{cho2014properties,
	title={On the properties of neural machine translation: Encoder-decoder approaches},
	author={Cho, Kyunghyun and Van Merri{\"e}nboer, Bart and Bahdanau, Dzmitry and Bengio, Yoshua},
	journal={arXiv preprint arXiv:1409.1259},
	year={2014}
}

@inproceedings{liu2016ssd,
	title={Ssd: Single shot multibox detector},
	author={Liu, Wei and Anguelov, Dragomir and Erhan, Dumitru and Szegedy, Christian and Reed, Scott and Fu, Cheng-Yang and Berg, Alexander C},
	booktitle={European conference on computer vision},
	pages={21--37},
	year={2016},
	organization={Springer}
}

@inproceedings{erhan2014scalable,
	title={Scalable object detection using deep neural networks},
	author={Erhan, Dumitru and Szegedy, Christian and Toshev, Alexander and Anguelov, Dragomir},
	booktitle={Proceedings of the IEEE Conference on Computer Vision and Pattern Recognition},
	pages={2147--2154},
	year={2014}
}

@article{simonyan2014very,
	title={Very deep convolutional networks for large-scale image recognition},
	author={Simonyan, Karen and Zisserman, Andrew},
	journal={arXiv preprint arXiv:1409.1556},
	year={2014}
}

@article{zhang2017watch,
	title={Watch, Attend and Parse: An End-to-end Neural Network Based Approach to Handwritten Mathematical Expression Recognition},
	author={Zhang, Jianshu and Du, Jun and Zhang, Shiliang and Liu, Dan and Hu, Yulong and Hu, Jinshui and Wei, Si and Dai, Lirong},
	journal={Pattern Recognition},
	year={2017},
	publisher={Elsevier}
}

@inproceedings{girshick2015fast,
	title={Fast r-cnn},
	author={Girshick, Ross},
	booktitle={Proceedings of the IEEE international conference on computer vision},
	pages={1440--1448},
	year={2015}
}

@article{zanibbi,
	author="Richard Zanibbi and Dorothea Blostein and James Cordy",
	title="Recognizing mathematical expressions using tree transformation",
	pages="1455 - 1467",
	journal=" IEEE Transactions on Pattern Analysis and Machine Intelligence",
	volume="24",
	 number="11",
	 DOI=" 10.1109/TPAMI.2002.1046157",
	 year="Nov. 2002"
}

@article{context,
	author="Wenhao He and Yuxuan Luo and Fei Yin",
	title="Context-aware mathematical expression recognition: An end-to-end framework and a benchmark",

	publisher="IEEE",
	pages="3235-3240",
	year="Dec. 2016",
	DOI="10.1109/ICPR.2016.7900135"
}

@article{yanlecun,
	author="Yan Lecun and L.Boutou and Y.Bengio ",
	title="Gradient-based learning applied to document recognition",
	journal=" Proceedings of the IEEE",
	volume="88",
	number="11",
	publisher="IEEE",
	pages="2278 - 2324",
	year="Nov. 1998",
	DOI="10.1109/5.726791"
}

@article{segment,
	author="Kam-Fai Chan and Dit-Yan Yeung ",
	title="Mathematical expression recognition: a survey",
	journal=" International Journal on Document Analysis and Recognition",
	volume="3",
	number="1",
	publisher="Springer-Verlag",
	pages="3-15",
	year="Aug. 2000",
	DOI="10.1007/PL00013549"
}

@article{projection,
	author="N. Okamoto and M. Bin",
	title="Recognition of mathematical expressions by using the layout structures of symbols",
	

	year="1991",
}

@article{XY,
	author="J. Ha, R. Haralick, and I. Phillips",
	title="Understanding mathematical expressions from document images",
	

	year="1995",
}


@article{anderson,
	author="Robert H. Anderson ",
	title="Syntax-directed recognition of hand-printed two-dimensional mathematics",
	journal=" Symposium on Interactive Systems for Experimental Applied Mathematics: Proceedings of the Association for Computing Machinery Inc. Symposium",
	
	pages="436-459",
	year="Aug. 1967",
	DOI="10.1145/2402536.2402585"
}
@book{neuralnet,
	author    = "Stephen Marsland",
	title     = "MACHINE LEARNING An Algorithmic Perspective, second edition",
	publisher = "CRC-Press Taylor and Francis group",
	isbn="978-1-4665-8333-7",
}
@misc{lossf,
	author    = "Michael Nielsen",
	title     = "Improving the way neural networks learn",
	url       = "http://neuralnetworksanddeeplearning.com/chap3.html"
}

@misc{sigmoid,
	author    = "Michael Nielsen",
	title     = "CHAPTER 1: Using neural nets to recognize handwritten digits",
	url       = "http://neuralnetworksanddeeplearning.com/chap1.html"
}

@misc{relu,
	howpublished="\url{http://cs231n.github.io/neural-networks-1/}",
	title="CS231n Convolutional neural networks for visual recognition",
	author=" Andrej Karpathy"
}

@misc{lenet5,
	howpublished="\url{https://world4jason.gitbooks.io/research-log/content/deepLearning/CNN/lenet.html}",
	title="Lenet, 1998",
}

@misc{cat,
	howpublished="\url{https://ireneli.eu/2016/02/03/deep-learning-05-talk-about-convolutional-neural-network/}",
	title="Deep learning 05: Talk about convolutional neural networks",
	year="Feb. 2016",
}

@misc{maxpool,
	howpublished="\url{https://en.wikipedia.org/wiki/Convolutional_neural_network}",
	title="Pooling layer",
}
@misc{model,
	howpublished="\url{http://ufldl.stanford.edu/tutorial/supervised/ConvolutionalNeuralNetwork/}",
	title="Convolution neural network",
	
}

@misc{github,
	author    = {Kuangliu},
	title     = {{pytorch-ssd}},
	year = {May. 2017},
	howpublished="\url{https://github.com/kuangliu/pytorch-ssd/}",
}
@book{qak,
	author="Anh Nguyen Quoc and Khoa Nguyen Anh",
	year="2015",
	title="Nhận dạng biểu thức toán học",
}